% ------------------------------------------------------------------------
% BIBLIOGRAPHY FILE
% ------------------------------------------------------------------------

% ==================== 35 ton data chapter ====================

@misc{MGraInt,
  key =          {MGraInt},
  title =        {Online Event Format},
  howpublished = {},
  institution  = {SLAC},
  day =       16,
  month =     {October},
  year =         2015,
  note =         {[online] \url{https://indico.fnal.gov/getFile.py/access?contribId=0&resId=0&materialId=slides&confId=10611}},
  url = {https://indico.fnal.gov/getFile.py/access?contribId=0&resId=0&materialId=slides&confId=10611}
}

% ------------------------------------------------------------------------
